<record><leader>00000cas a22000007a 4500</leader><controlfield tag="001">14191706</controlfield><controlfield tag="008">860908d19271927wiucr ne      0    0ger d</controlfield><datafield ind1=" " ind2=" " tag="010"><subfield code="a">sn 86086542 </subfield></datafield><datafield ind1=" " ind2=" " tag="040"><subfield code="a">NPV</subfield><subfield code="b">eng</subfield><subfield code="c">NPV</subfield><subfield code="d">OCLCQ</subfield></datafield><datafield ind1=" " ind2=" " tag="042"><subfield code="a">msc</subfield></datafield><datafield ind1="0" ind2="0" tag="245"><subfield code="a">Sheboygan Zeitung und National Demokrat.</subfield></datafield><datafield ind1="3" ind2="0" tag="246"><subfield code="a">Sheboygan Zeitung</subfield></datafield><datafield ind1="3" ind2="0" tag="246"><subfield code="a">National Demokrat</subfield></datafield><datafield ind1=" " ind2=" " tag="260"><subfield code="a">Sheboygan, Wis. :</subfield><subfield code="b">Sheboygan Printing,</subfield><subfield code="c">1927-</subfield></datafield><datafield ind1=" " ind2=" " tag="300"><subfield code="a">v.</subfield></datafield><datafield ind1=" " ind2=" " tag="310"><subfield code="a">Semiweekly</subfield></datafield><datafield ind1="0" ind2=" " tag="362"><subfield code="a">47. Jahrg., no. 70 (15 April, 1927)-</subfield></datafield><datafield ind1="1" ind2=" " tag="362"><subfield code="a">Ceased in June, 1927.</subfield><subfield code="z">Cf. Oehlerts, d. E. Guide to Wis. newspapers.</subfield></datafield><datafield ind1=" " ind2=" " tag="752"><subfield code="a">United States</subfield><subfield code="b">Wisconsin</subfield><subfield code="c">Sheboygan</subfield><subfield code="d">Sheboygan.</subfield></datafield><datafield ind1="0" ind2="0" tag="780"><subfield code="t">Sheboygan Zeitung (Sheboygan, Wis. : 1887)</subfield><subfield code="w">(DLC)sn 86086541</subfield><subfield code="w">(OCoLC)14522794</subfield></datafield></record>